<record><leader>00000cas a22000007a 4500</leader><controlfield tag="001">12593873</controlfield><controlfield tag="008">850924d19711977aluwr ne      0    0eng d</controlfield><datafield ind1=" " ind2=" " tag="010"><subfield code="a">sn 85044960 </subfield></datafield><datafield ind1=" " ind2=" " tag="040"><subfield code="a">CPN</subfield><subfield code="b">eng</subfield><subfield code="c">CPN</subfield><subfield code="d">OCL</subfield><subfield code="d">OCLCQ</subfield></datafield><datafield ind1=" " ind2=" " tag="042"><subfield code="a">msc</subfield></datafield><datafield ind1="0" ind2=" " tag="130"><subfield code="a">Daily ledger (Enterprise, Ala.)</subfield></datafield><datafield ind1="1" ind2="4" tag="245"><subfield code="a">The Daily ledger.</subfield></datafield><datafield ind1=" " ind2=" " tag="260"><subfield code="a">Enterprise, Ala. :</subfield><subfield code="b">Enterprise Ledger,</subfield><subfield code="c">1971-1977.</subfield></datafield><datafield ind1=" " ind2=" " tag="300"><subfield code="a">v. :</subfield><subfield code="b">ill. ;</subfield><subfield code="c">57 cm.</subfield></datafield><datafield ind1=" " ind2=" " tag="310"><subfield code="a">Daily</subfield></datafield><datafield ind1="0" ind2=" " tag="362"><subfield code="a">72d yr., vol. 1, no. 1 (Apr. 26, 1971)-72d yr., v. 1, no. 179 (Dec. 31, 1971) ; v. 73, no. 1 (Jan. 3, 1972)-v. 78, no. 146 (June 21, 1977).</subfield></datafield><datafield ind1=" " ind2=" " tag="515"><subfield code="a">Numbering is irregular.</subfield></datafield><datafield ind1=" " ind2=" " tag="752"><subfield code="a">United States</subfield><subfield code="b">Alabama</subfield><subfield code="c">Coffee</subfield><subfield code="d">Enterprise.</subfield></datafield><datafield ind1="0" ind2="0" tag="780"><subfield code="t">Enterprise ledger</subfield><subfield code="w">(DLC)sn 85044959</subfield></datafield><datafield ind1="0" ind2="0" tag="785"><subfield code="t">Enterprise ledger (Enterprise, Ala. : 1977)</subfield><subfield code="w">(DLC)sn 85044961</subfield></datafield><datafield ind1="1" ind2=" " tag="029"><subfield code="a">AU@</subfield><subfield code="b">000025832280</subfield></datafield></record>